<record><leader>00000cas a22000007a 4500</leader><controlfield tag="001">10406040</controlfield><controlfield tag="008">840211d18721921ohuwr ne      0    0eng d</controlfield><datafield ind1=" " ind2=" " tag="010"><subfield code="a">sn 84028085 </subfield></datafield><datafield ind1=" " ind2=" " tag="040"><subfield code="a">NPY</subfield><subfield code="b">eng</subfield><subfield code="c">NPY</subfield><subfield code="d">NPX</subfield><subfield code="d">NPU</subfield><subfield code="d">ONP</subfield><subfield code="d">OCLCQ</subfield></datafield><datafield ind1=" " ind2=" " tag="042"><subfield code="a">msc</subfield></datafield><datafield ind1="0" ind2=" " tag="130"><subfield code="a">Geauga Republican (Chardon, Ohio : 1872)</subfield></datafield><datafield ind1="1" ind2="4" tag="245"><subfield code="a">The Geauga Republican.</subfield></datafield><datafield ind1=" " ind2=" " tag="260"><subfield code="a">Chardon, Ohio :</subfield><subfield code="b">J.O. Converse,</subfield><subfield code="c">1872-1921.</subfield></datafield><datafield ind1=" " ind2=" " tag="300"><subfield code="a">v.</subfield></datafield><datafield ind1=" " ind2=" " tag="310"><subfield code="a">Weekly</subfield></datafield><datafield ind1="0" ind2=" " tag="362"><subfield code="a">Vol. 1, no. 1 (Jan. 3, 1872)-v. 73, no. 52 (Dec. 28, 1921).</subfield></datafield><datafield ind1=" " ind2="4" tag="651"><subfield code="a">Chardon (Ohio)</subfield><subfield code="v">Newspapers.</subfield></datafield><datafield ind1=" " ind2="4" tag="651"><subfield code="a">Geauga County (Ohio)</subfield><subfield code="v">Newspapers.</subfield></datafield><datafield ind1=" " ind2=" " tag="752"><subfield code="a">United States</subfield><subfield code="b">Ohio</subfield><subfield code="c">Geauga</subfield><subfield code="d">Chardon.</subfield></datafield><datafield ind1="0" ind2="0" tag="780"><subfield code="t">Geauga Democrat</subfield><subfield code="w">(DLC)sn 84028084</subfield></datafield><datafield ind1="0" ind2="7" tag="785"><subfield code="t">Geauga County record</subfield><subfield code="w">(DLC)sn 84028090</subfield></datafield><datafield ind1="0" ind2="7" tag="785"><subfield code="t">Geauga Republican-record</subfield><subfield code="w">(DLC)sn 84028091</subfield></datafield><datafield ind1="1" ind2=" " tag="029"><subfield code="a">AU@</subfield><subfield code="b">000020375331</subfield></datafield></record>